@BOOK{munkres-topology,
  title={Topology},
  author={Munkres, J.R.},
  isbn={9780131816299},
  lccn={99052942},
  series={Featured Titles for Topology Series},
  url={https://books.google.com.sg/books?id=XjoZAQAAIAAJ},
  year={2000},
  publisher={Prentice Hall, Incorporated}
}
@BOOK{a-taste-of-topology,
  author = {Volke Runde},
  title = {{A Taste of Topology}},
  publisher = {Springer-Verlag New York},
  year = {2005}
}
@BOOK{topology-and-its-applications,
  author = {William F. Basener},
  title = {{Topology and Its Applications}},
  publisher = {John Wiley \& Sons, Inc.},
  year = {2006}
}
@BOOK{algebraic-topology,
    author = {C.R.F Maunder},
    title = {Algebraic Topology},
    publisher = {Dover Publications},
    year = {1996}
}
@BOOK{lectures-alg-topology,
    author = {Sergey V. Matveev},
    title = {Lectures on Algebraic Topology},
    publisher = {European Mathematical Society},
    year = {2006}
}
@BOOK{graphs-surfaces-homology,
    author = {Peter Giblin},
    title = {Graphs, Surfaces and Homology},
    publisher = {Cambridge University Press},
    year = {2010}
}
@BOOK{elements-of-algebraic-topology,
  title = {Elements of Algebraic Topology},
  annote = {SIGNATUR = 719.131},
  author = {James R. Munkres},
  keywords = {FUNDAMENTALS mathematics},
  publisher = {Addison-Wesley},
  year = {1993},
  place = {Favoritenstrasse 9/4th Floor/1863}
}